<record><leader>00000cas a22000007a 4500</leader><controlfield tag="001">19736691</controlfield><controlfield tag="008">890519d19481949moudn ne      0    0eng d</controlfield><datafield ind1=" " ind2=" " tag="010"><subfield code="a">sn 89066132 </subfield></datafield><datafield ind1=" " ind2=" " tag="040"><subfield code="a">MQN</subfield><subfield code="b">eng</subfield><subfield code="c">MQN</subfield><subfield code="d">OCLCQ</subfield></datafield><datafield ind1=" " ind2=" " tag="042"><subfield code="a">msc</subfield></datafield><datafield ind1="0" ind2="4" tag="245"><subfield code="a">The Linn County news and Brookfield daily news.</subfield></datafield><datafield ind1="3" ind2="0" tag="246"><subfield code="a">Brookfield daily news</subfield></datafield><datafield ind1=" " ind2=" " tag="260"><subfield code="a">Brookfield, Mo. :</subfield><subfield code="b">Brookfield Pub. Co.,</subfield><subfield code="c">1948-1949.</subfield></datafield><datafield ind1=" " ind2=" " tag="300"><subfield code="a">v.</subfield></datafield><datafield ind1=" " ind2=" " tag="310"><subfield code="a">Daily (except Sat., Sun., &amp; holidays)</subfield></datafield><datafield ind1="0" ind2=" " tag="362"><subfield code="a">Vol. 70, no. 16 (Aug. 2, 1948)-v. 70, no. 162 (Feb. 28, 1949).</subfield></datafield><datafield ind1=" " ind2=" " tag="752"><subfield code="a">United States</subfield><subfield code="b">Missouri</subfield><subfield code="c">Linn</subfield><subfield code="d">Brookfield.</subfield></datafield><datafield ind1="0" ind2="0" tag="780"><subfield code="t">Linn County news (Linneus, Mo.)</subfield><subfield code="w">(DLC)sn 89066131</subfield></datafield><datafield ind1="0" ind2="0" tag="785"><subfield code="t">Brookfield daily news and the Linn County news</subfield><subfield code="w">(DLC)sn 89066133</subfield></datafield></record>